<?xml version="1.0" encoding="UTF-8"?>
    <Document xmlns="urn:iso:std:iso:20022:tech:xsd:pacs.008.001.02">
       <CstmrCdtTrfInitn>
           <GrpHdr>
               <MsgId>20241205001</MsgId>
               <CreDtTm>2024-12-05T14:30:00</CreDtTm>
               <NbOfTxs>1</NbOfTxs>
               <CtrlSum>1000.00</CtrlSum>
               <InitgPty>
                   <Nm>ABC Corporation</Nm>
                   <Id>
                       <OrgId>
                           <Othr>
                               <Id>US123456789</Id>
                           </Othr>
                       </OrgId>
                   </Id>
               </InitgPty>
           </GrpHdr>
           <PmtInf>
               <PmtInfId>DIV123456</PmtInfId>
               <PmtMtd>TRF</PmtMtd>
               <NbOfTxs>1</NbOfTxs>
               <CtrlSum>1000.00</CtrlSum>
               <PmtTpInf>
                   <SvcLvl>
                       <Cd>SEPA</Cd>
                   </SvcLvl>
               </PmtTpInf>
               <ReqdExctnDt>2024-12-10</ReqdExctnDt>
               <Dbtr>
                   <Nm>ABC Corporation</Nm>
                   <Id>
                       <OrgId>
                           <Othr>
                               <Id>US123456789</Id>
                           </Othr>
                       </OrgId>
                   </Id>
               </Dbtr>
               <DbtrAcct>
                   <Id>
                       <IBAN>US12345678901234567890</IBAN>
                   </Id>
               </DbtrAcct>
               <DbtrAgt>
                   <FinInstnId>
                       <BIC>ABCUS33XXX</BIC>
                   </FinInstnId>
               </DbtrAgt>
               <CdtTrfTxInf>
                   <PmtId>
                       <EndToEndId>DIV123456789</EndToEndId>
                   </PmtId>
                   <Amt>
                       <InstdAmt Ccy="USD">1000.00</InstdAmt>
                   </Amt>
                   <Cdtr>
                       <Nm>John Doe</Nm>
                       <Id>
                           <OrgId>
                               <Othr>
                                   <Id>US987654321</Id>
                               </Othr>
                           </OrgId>
                       </Id>
                   </Cdtr>
                   <CdtrAcct>
                       <Id>
                           <IBAN>GB29NWBK60161331926819</IBAN>
                       </Id>
                   </CdtrAcct>
                   <CdtrAgt>
                       <FinInstnId>
                           <BIC>BARCGB22XXX</BIC>
                       </FinInstnId>
                   </CdtrAgt>
                   <RmtInf>
                       <Ustrd>Dividend Payment</Ustrd>
                   </RmtInf>
               </CdtTrfTxInf>
           </PmtInf>
       </CstmrCdtTrfInitn>
    </Document>